@misc{ patashnik-bibtexing,
       author = "Oren Patashnik",
       title = "BIBTEXing",
       year = "1988" }
@online{ opt-def,
	 author="Dictionary.com",
	 title="Optimization | Define Optimization at Dictionary.com",
	 year="2019",
	 url={https://www.dictionary.com/browse/optimization}
}
